
%% Medical Applications

@InProceedings{prinet96,
  author = 	 {V. Prinet and O. Monga and C. Ge and S. L. Xie and S. D. Ma},
  title = 	 {Thin Network Extraction in 3D Images: Application to Medical Angiograms},
  booktitle = 	 {Prooceedings of ICPR '96},
  pages =	 {386--390},
  year =	 1996
}

@InProceedings{williams97,
  author =	 {J.P. Williams and J.K. Johnstone and L.B. Wolff},
  title =	 {Rational discrete generalized cylinders and their
                  application to shape recovery in medical images},
  booktitle =	 {IEEE Computer Society Conference on Computer Vision
                  and Pattern Recognition, 1997},
  pages =	 {387--392},
  year =	 1997
}

@Article{hu98,
  author =	 {Yong-Lin Hu and W.J. Rogers and D.A. Coast and
                  C.M. Kramer and N. Reichek},
  title =	 {Vessel Boundary Extraction Based on a Global and
                  Local Deformable Physical Model with Variable
                  Stiffness},
  journal =	 {Magnetic Resonance Imaging},
  year =	 1998,
  volume =	 16,
  number =	 8,
  pages =	 {943--951}
}

@InProceedings{ji98,
  author =	 {Lilian Ji and Hong Yan},
  title =	 {An Attractable Snake Model for Contour Extraction in
                  MRI Images},
  booktitle =	 {Proceedings of the 20th Annual International
                  Conference of the IEEE Engineering in Medicine and
                  Biology Society},
  pages =	 {609--612},
  year =	 1998,
  volume =	 20
}

@TechReport{morales99,
  author = 	 {Cristina Canero Morales},
  title = 	 {Deformable Models applied in Medical Imaging},
  institution =  {Computer Vision Center},
  year = 	 1999
}

@InProceedings{odonnell97,
  author =	 {Thomas O'Donnell and Alok Gupta and Terrance Boult},
  title =	 {A New Model for the Recovery of Cylindrical
                  Structures from Medical Image Data},
  booktitle =	 {Proc. CVRMED '97},
  year =	 1997,
  address =	 {Grenoble, France},
  month =	 {March}
}

@InProceedings{reuze93,
  author =	 {P. Reuze and J.L. Coatrieux and L.M. Luo and
                  J.L. Dillenseger},
  title =	 {3-D vessel tracking and quantitation in angio MRI},
  booktitle =	 {Proceedings of the 1993 IEEE Nineteenth Annual
                  Northeast Bioengineering Conference},
  pages =	 {43--44},
  year =	 1993,
  month =	 {May}
}

@Article{wilson99,
  author =	 {D.L. Wilson and J.A. Noble},
  title =	 {An Adaptive Segmentation Algorithm for
                  Time-of-flight MRA Data},
  journal =	 {IEEE Transactions on Medical Engineering},
  year =	 1999,
  volume =	 18,
  number =	 10,
  pages =	 {938--945},
  month =	 {October}
}

@InProceedings{hall95,
  author =	 {Peter Hall and Peter Andreae and Milton Ngan},
  title =	 {Reconstruction of blood vessel networks from a few
                  perspective projections},
  booktitle =	 {Conference Proceedings on Second New Zealand
                  International Two-Stream},
  pages =	 {369--372},
  year =	 1995
}

@Article{hall97,
  author =	 {Peter Hall and Peter Andreae and Milton Ngan},
  title =	 {Reconstruction of vascular networks using
                  three-dimensional models},
  journal =	 {IEEE Transactions on Medical Imaging},
  year =	 1997,
  pages =	 {919--929},
  month =	 {December}
}

@Article{merle98,
  author =	 {A.B. Merle and G. Finet and J. Lienard and
                  I.E. Magnin},
  title =	 {3D Reconstruction of the Deformable Coronary Tree
                  Skeleton from Two X-Ray Angiographic Views},
  journal =	 {IEEE Transactions on Computers in Cardiology},
  year =	 1998,
  volume =	 25,
  pages =	 {757--760}
}

@Article{leeuwen98,
  author =	 {Gerard M.J. van Leeuwen and Alexis N.T.J. Kotte and
                  Jan J.W. Lagenddjik},
  title =	 {A flexible algorithm for construction of 3-D vessel
                  networks for use in thermal modeling},
  journal =	 {IEEE Transactions on Biomedical Engineering},
  year =	 1998,
  volume =	 45,
  number =	 5,
  pages =	 {596--604}
}

@InProceedings{hanson94,
  author =	 {K.M. Hanson and G.S. Cunningham and G.R. Jennings,
                  Jr. and D.R. Wolf},
  title =	 {Tomographic reconstruction based on flexible
                  geometric models},
  booktitle =	 {IEEE International Conference on Image Processing},
  pages =	 {145--147},
  year =	 1994,
  volume =	 2
}

@InProceedings{huang94,
  author =	 {Qian Huang and G.C. Stockman},
  title =	 {Generalized stochastic tube model: tracking 3D blood
                  vessels in MR images},
  booktitle =	 {Proceedings of the 12th IAPR Pattern Recognition},
  pages =	 {156--160},
  year =	 1994
}

@InProceedings{puig97,
  author =	 {Anna Puig and Dani Tost and Isabel Navazo},
  title =	 {An interactive cerebral blood vessel exploration
                  system},
  booktitle =	 {Proceedings on Visualization '97},
  pages =	 {443--446},
  year =	 1997
}

@InProceedings{hsu94,
  author =	 {Jean Hsu and David M. Chelberg and Charles F. Babbs},
  title =	 {A Geometric Modeling Tool for Visualization of Human
                  Anatomical Structures},
  booktitle =	 {Proceedings of the IEEE Biomedical Image Analysis,
                  1994},
  pages =	 {176--183},
  year =	 1994
}

@InProceedings{schreiner93,
  author =	 {W. Schreiner and B.F. Buxbaum},
  title =	 {Computer Optimization of vascular trees},
  booktitle =	 {IEEE Transactions on Biomedical Engineering},
  pages =	 {482--491},
  year =	 1993,
  month =	 {May}
}

@InProceedings{verroust99,
  author =	 {Anne Verroust and Francis Lazarus},
  title =	 {Extracting skeletal curves from 3D scattered data},
  booktitle =	 {Proceedings on Shape Modeling and Applications,
                  1999},
  pages =	 {194--201},
  year =	 1999
}

@Article{gronningsaeter96,
  author =	 {Bjørn Aage Gronningsaeter and A.J. Angelsen},
  title =	 {Vessel Wall Detection and Blood Noise Reduction in
                  Intrvascular Ultrasound Imaging},
  journal =	 {IEEE Transactions on Ultrasonics, Ferroelectrics and
                  Frequency Control},
  year =	 1996,
  volume =	 43,
  number =	 3,
  pages =	 {359--369},
  month =	 {Mat}
}

@Article{vesely91,
  author =	 {Ivan Vesely and Bill Eickmeier and Gordon Campbell},
  title =	 {Automated 3-D reconstruction of vascular structures
                  from high definition casts},
  journal =	 {IEEE Transactions on Biomedical Engineering},
  year =	 1991,
  volume =	 38,
  number =	 11,
  pages =	 {1123--1129},
  month =	 {November}
}

@InProceedings{nixon93,
  author =	 {M.S. Nixon and T.K. Hames},
  title =	 {New Technique for 3D Artery Modelling by
                  Non-invasive Ultrasound},
  booktitle =	 {International Image Processing and its Applications,
                  1992},
  pages =	 {86--94},
  year =	 1993,
  volume =	 140,
  month =	 {February}
}

@Article{frangi99,
  author =	 {Alejandro F. Frangi and Wiro J. Wissen and Romhild
                  M. Hoogeveen and Theo van Walum and Max
                  A. Viergever},
  title =	 {Model-based Quantitation of 3D Magnetic Resonance
                  Angiographic Images},
  journal =	 {IEEE Transactions on Medical Imaging},
  year =	 1999,
  volume =	 18,
  number =	 10,
  pages =	 {946--956},
  month =	 {October}
}

%% Decubify Methods

@Article{gerig90,
  author = 	 {G. Gerig and R. Kikinis and F. A. Jolesz},
  title = 	 {Image Processing of Routine Spin-Echo MR Images to Enhance Vascular Structures: Comparison with MR Angiography},
  journal = 	 {3D Imaging in Medicine: Algorithms, Systems, and Applications},
  year = 	 1990,
  pages =	 {121--131}
}

@Article{cline90,
  author = 	 {H. C. Cline and W. E. Lorensen and R. Kikinis and F. Jolesz},
  title = 	 {Three-dimensional Segmentation of MR Images of the Head Using Probability and Connectivity},
  journal = 	 {Journal of Computer Assisted Tomography},
  year = 	 1990,
  volume =	 14,
  number =	 6,
  pages =	 {1037--1045}
}

%% Hjernekirurgi -- Avisartikler via www.jp.dk, polinfo fra www.politiken.dk

@Misc{kristensen96,
  author =	 {Jan Kristensen},
  title =	 {Robotter skal ind på danske hospitaler},
  howpublished = {Jyllandsposten},
  month =	 {21.~september},
  year =	 1996
}

@Misc{frank97,
  author =	 {Lone Frank},
  title =	 {Hjernekirurgiens historie},
  howpublished = {Jyllandsposten},
  month =	 {7.~september},
  year =	 1997
}

@Misc{mejlvang98,
  author =	 {Mette Mejlvang},
  title =	 {3D-grafik leder kirurgen},
  howpublished = {Jyllandsposten},
  month =	 {7.~september},
  year =	 1998
}

@Misc{kirk99,
  author =	 {Lars Bo Kirk},
  title =	 {Ryg-kirurgi styret af computer},
  howpublished = {Jyllandsposten},
  month =	 {6.~september},
  year =	 1999
}

@Misc{nlm00,
  author =	 {United States National Library of Medicine},
  title =	 {Visible Human Project},
  howpublished = {Internet},
  month =	 {April},
  year =	 2000,
  URL =
                  {http://www.nlm.nih.gov/research/visible/visible_human.html}
}



@Misc{pflesser00,
  author =	 {Bernhard Pflesser},
  title =	 {Atlas of Cerebral Vasculature},
  howpublished = {Internet},
  month =	 {April},
  year =	 2000,
  URL =
                  {http://www.uke.uni-hamburg.de/institute/imdm/idv/forschung/vasculature/index.en.html}
}

%% Energy Minimization

%% Energy Minimization -- Finite Difference Method

@Article{kass88,
  author =	 {Michael Kass and Andrew Witkin and Demetri
                  Terzopoulos},
  title =	 {Snakes: Active Contour Models},
  journal =	 {Intl. J. Computer Vision},
  year =	 1988,
  volume =	 1,
  number =	 4,
  pages =	 {321--331}
}

@Article{waite90,
  author =	 {J. B. Waite and W. J. Welsh},
  title =	 {Head Boundary Location using Snakes},
  journal =	 {British Telecon Technology Journal},
  year =	 1990,
  volume =	 8,
  number =	 3,
  pages =	 {127--137},
  month =	 {July}
}

@TechReport{delmas99,
  author =	 {P. Delmas and P. Y. Coulon and V. Fristot},
  title =	 {Automatic Snakes for Robust Lip Boundaries
                  Extraction},
  institution =	 {Signal and Image Laboratory, Grenoble National
                  Polytechnical Institute, LIS, INPG, France},
  year =	 1999
}

@Article{hassanien99,
  author =	 {Aboul-Ella Hassanien and Masayuki Nakajima},
  title =	 {Feature-Specification Algorithm Based on Snake Model
                  for Facial Image Morphin},
  journal =	 {IEICE Transactions of Inf. and System.},
  year =	 1999,
  volume =	 {E82-D},
  number =	 2,
  pages =	 {439--446},
  month =	 {February}
}

@Article{leymarie92,
  author =	 {Frederic Leymarie and Martin D. Levine},
  title =	 {Simulating the grassfire transform using an active
                  contour model},
  journal =	 {IEEE Transactions on Pattern Analysis and Machine
                  Intelligence},
  year =	 1992,
  volume =	 14,
  number =	 1,
  pages =	 {56--75},
  month =	 {January}
}

@Article{leymarie93,
  author =	 {Frederic Leymarie and Martin D. Levine},
  title =	 {Tracking deformable objects in the plane using an
                  active contour model},
  journal =	 {IEEE Transactions on Pattern Analysis and Machine
                  Intelligence},
  year =	 1993,
  volume =	 15,
  number =	 6,
  pages =	 {617--634},
  month =	 {June}
}

%% Energy Minimization -- Finite Element Method and Balloon Energy Term

@Article{cohen91,
  author =	 {Laurent D. Cohen},
  title =	 {On Active Contour Models and Balloons},
  journal =	 {CVIGP: Image Understanding},
  year =	 1991,
  volume =	 53,
  number =	 2,
  pages =	 {211--218}
}

@Article{cohen93,
  author =	 {Laurent D. Cohen and Isaac Cohen},
  title =	 {Finite-Element Methods for Active Contour Methods
                  and Balloons for 2-D and 3-D Images},
  journal =	 {IEEE Transactions on Pattern Analysis and Machine
                  Intelligence},
  year =	 1993,
  volume =	 15,
  number =	 11,
  pages =	 {1131--1147},
  month =	 {November}
}

@InProceedings{wang98,
  author =	 {Haiyan Wang and Bijoy K. Ghosh},
  title =	 {Boundary Finding With New Balloon Models},
  booktitle =	 {20th Annual International Conference of the Medicine
                  and Biology Soceity},
  pages =	 {686--689},
  year =	 1998,
  volume =	 20,
  organization = {IEEE Engineering of Medicine and Biology}
}

@InProceedings{li99,
  author =	 {Xiaobo Li and Jiankang Wang},
  title =	 {Adaptive Balloon Models},
  booktitle =	 {IEEE Computer Society Conference on Computer Vision
                  and Pattern Recognition},
  pages =	 {434--439},
  year =	 1999,
  volume =	 1999
}

@InProceedings{xu93,
  author =	 {Gang Xu and Segawa and Tsuji},
  title =	 {A robust active contour model with insensitive
                  parameters},
  booktitle =	 {Fourth International Conference on Computer Vision},
  pages =	 {562--566},
  year =	 1993,
  month =	 {April}
}

%% Energy Minimization -- Dynamic Programming

@Article{amini90,
  author =	 {A. A. Amini and T. E. Weymouth and R. C. Jain},
  title =	 {Using dynamic programming for solving variational
                  problems in vision},
  journal =	 {IEEE Transactions on Pattern Analysis and Machine
                  Intelligence},
  year =	 1990,
  volume =	 9,
  number =	 12,
  pages =	 {855--867}
}

@InProceedings{amini88,
  author =	 {A. A. Amini and S. Tehrani and T. E. Weymouth},
  title =	 {Using Dynamic Porgramming for Minimizing the Energy
                  of Active Contours in the Presence of Hard
                  Constraints},
  booktitle =	 {Second International Conference on Computer Vision},
  pages =	 {95--99},
  year =	 1988
}

%% Energy Minimization -- Greedy Algorithm

@InProceedings{williams90,
  author =	 {Donna J. Williams and Mubarak Shah},
  title =	 {A Fast Algorithm for Active Contours},
  booktitle =	 {Third International Conference on Computer Vision},
  pages =	 {592--595},
  year =	 1990
}

@Article{yan94,
  author =	 {K.-M. Lam and H. Yan},
  title =	 {Fast Greedy Algorithm for Active Contours},
  journal =	 {Electronic Letters},
  year =	 1994,
  volume =	 30,
  number =	 1,
  pages =	 {21--23},
  month =	 {January}
}

@Article{yan97,
  author =	 {Ali R. Mirhosseini and Hong Yan},
  title =	 {An Optimally Fast Greedy Algorithm for Active
                  Contours},
  journal =	 {IEEE International Symposium on Circuits and
                  Systems},
  year =	 1997,
  month =	 {June}
}

%% Energy Minimization -- B-Snakes


@InProceedings{menet90,
  author =	 {Sylvie Menet and Philippe Saint-Marc and Garard
                  Medioni},
  title =	 {Active Contour Models: Overview, Implementation and
                  Applications},
  booktitle =	 {IEEE International Conference on Systems, Man and
                  Cybernetics},
  key =		 {194--199},
  year =	 1990
}

@InProceedings{liao92,
  author =	 {Chia-Wei Liao and Gerard Medioni},
  title =	 {Representation of range data with B-spline surface
                  patches},
  booktitle =	 {International Conference Proceedings on Image,
                  Speech and Signal Analysis},
  pages =	 {745--748},
  year =	 1992
}

%% Energy Minimization -- Front Level Approach (Geodesic, Geometric)

@InProceedings{wang98b,
  author =	 {K.C. Wang and C.A. Taylor and Z. Hsiau and D. Parker
                  and R.W. Dutton},
  title =	 {Level set methods and MR image segmentation for
                  geometric modeling in computational hemodynamics},
  booktitle =	 {Proceedings of the 20th Annual International
                  Conference of the IEEE Engineering in Medicine and
                  Biology Society},
  pages =	 {3079--3082},
  year =	 1998,
  volume =	 6
}

@TechReport{lorigo98,
  author =	 {Liana M. Lorigo and Olivier Faugeras and W. E .L
                  Grimson and Renaud Keriven and Ron Kikinis and
                  Carl-Fredrik Westin},
  title =	 {Co-Dimension 2 Geodesic Active Contours for MRA
                  Segmentation},
  institution =	 {MIT Artificial Intelligence Laboratory},
  year =	 1998
}

@Article{osher88,
  author = 	 {S. Osher and J.A. Sethian},
  title = 	 {Fronts propagating with curvature dependent speed},
  journal = 	 {Journal of Computational Physics},
  year = 	 1988,
  volume =	 79,
  pages =	 {12--49}
}

@Article{lobregt95,
  author = 	 {Steven Lobregt and Max A. Viergever},
  title = 	 {A Discrete Dynamic Contour Model},
  journal = 	 {IEEE Transactions on Medical Imaging},
  year = 	 1995,
  volume =	 1995,
  number =	 1,
  pages =	 {12--24},
  month =	 {March}
}

%% 3D Imaging

@Book{udupa89,
  editor =	 {Jayaram K. Udupa and Gabor T. Herman},
  title = 	 {3D Imaging in Medicine},
  publisher = 	 {CRC Press},
  year = 	 1989
}

@Article{udupa90,
  author = 	 {Jayaram K. Udupa and Hsiu-Mei Hung},
  title = 	 {Surface versus Volume Rendering: A comparative assessment},
  journal = 	 {Proceedings of the First Conference on Visualization in Biomedical Computing},
  year = 	 1990,
  month =        {May}
}

@Article{heiland96,
  author = 	 {Randy W. Heiland and Richard J. Littefield and Christian Macedonia},
  title = 	 {Virtual Reality Volumetric Display Techniques for 3D Medical Ultrasound},
  journal = 	 {Medicine Meets Virtual Reality},
  year = 	 1996,
  volume =	 4
}

@Article{shahidi90,
  author = 	 {Ramin Shahidi},
  title = 	 {Surface Rendering versus Volume Rendering ini Medical Imaging: Techniques and Applications},
  journal = 	 {Stanford University },
  year = 	 1990
}

@Article{herman90,
  author = 	 {Gabor T. Herman},
  title = 	 {A Survey of 3D Medical Imaging Technologies},
  journal = 	 {IEEE Engineering in Medicine and Biology},
  year = 	 1990
}

@Article{unknown93,
  author = 	 {Arie Kaufman and Daniel Cohen and Roni Yagel},
  title = 	 {Volume Graphics},
  journal = 	 {IEEE Computer},
  year = 	 1993,
  volume =	 26,
  number =	 7,
  pages =	 {51--64},
  month =	 {July}
}

%% Differential Derivatives

@Book{samarskii89,
  author =	 {Aleksandr A. Samarskii and Evgenii S. Nikolaev},
  title = 	 {Numerical Methods for Grid Equations},
  publisher = 	 {Birkh\"{a}user Verlag},
  year = 	 1989
}


%%
%% 9. semester 
%%

@MastersThesis{ahlberg96,
  author =	 {Jorgen Ahlberg},
  title =	 {Active Contours in Three Dimensions},
  school =	 {Link\"{o}ping Tekniska H\"{o}gskola},
  year =	 1996,
  month =	 {September}
}

@TechReport{aubert98,
  author =	 {Gilles Aubert and Laure Blanc-F\`{e}raud},
  title =	 {An elementary proof of the equivalence between 2D
                  and 3D classical snakes and geodesic active
                  contours},
  institution =	 {Unit\'{e} de recherche INRIA Sophia Antipolis},
  year =	 1998,
  month =	 {January}
}

@Article{caselles97,
  author =	 {V. Caselles and R. Kimmel and G. Sapiro},
  title =	 {On geodesic active contours},
  journal =	 {International Journal of Computer Vision},
  year =	 1997,
  volume =	 22,
  number =	 1,
  pages =	 {61--79},
  month =	 {February}
}


@Misc{collins99,
  author =	 {Louis Collins},
  title =	 {McConnel Neurological Institute ICBM MRI DATABASE},
  howpublished = {Internet},
  month =	 {November},
  year =	 1999,
  note =	 {Description of ICBM Database}
}


@Article{fischler73,
  author =	 {M. A. Fischler and R. A. Elschlager },
  title =	 {The representation and matching of pictorial
                  structures},
  journal =	 {IEEE Trans. Computers},
  year =	 1973,
  volume =	 22,
  pages =	 {69--77},
  month =	 {January}
}

@MastersThesis{frandsen94,
  author =	 {Jens Frandsen and Uffe Perk Kristensen and Flemming
                  Mikaelsen and Bo Vinter Poulsen},
  title =	 {Snakes--et redskab til segmentering},
  school =	 {Aalborg Universitet},
  year =	 1994,
  month =	 {januar}
}

@Book{gonzales93,
  author =	 {Rafael C. Gonzales and Richard E. Woods},
  title = 	 {Digital Image Processing},
  publisher = 	 {Addison-Wesley},
  year = 	 1993,
  month =	 {September}
}

@InProceedings{gunn96,
  author =	 {Steve R. Gunn and Mark S. Nixon},
  title =	 {Snake Head Boundary Extraction Using Global and
                  Local Energy Minimization},
  booktitle =	 {IEEE Proceedings of ICPR '96},
  pages =	 {581--585},
  year =	 1996,
  organization = {IEEE}
}

@TechReport{hastreiter98,
  author =	 {Peter Hastreiter and Thomas Ertl},
  title =	 {Retrospective Registration of MRA and DSA based on
                  Mutual Information},
  institution =	 {Lehrstuhl fur Datenverarbeitung, Universitat
                  Erlangen-Nuremberg},
  year =	 1998,
  address =	 {Am Weichselgarten 9, 91058 Erlangen, Germany}
}

@TechReport{hastreiter99,
  author =	 {P. Hastreiter and B. Tomandl and K. Eberhart and
                  T. Ertl},
  title =	 {Interactive and Intuitive Visualization of Small and
                  Complex Vascular Structures in MR and CT},
  institution =	 {Lehrstuhl fur Datenverarbeitung, Universitat
                  Erlangen-Nuremberg},
  year =	 1999
}

@Misc{healthgate99a,
  author =	 {Healthgate},
  note =	 {Healthgate Data Corporation},
  title =	 {Digital-Subtraction Angiography (DSA)},
  howpublished = {Internet},
  month =	 {July},
  year =	 1999,
  URL =		 {http://bewell.healthgate.com/tests/test137.asp}
}

@Misc{healthgate99b,
  author =	 {Healthgate},
  note =	 {Healthgate Data Corporation},
  title =	 {Intravenous Digital Subtraction Angiogram},
  howpublished = {Internet},
  month =	 {November},
  year =	 1999,
  URL =
                  {http://bewell.healthgate.com/dph/html/chapter/mono/ir016000.shtml}
}

@TechReport{horiil94,
  author =	 {Steven C. Horiil and Fred W. Prior and W. Dean
                  Bidgood and Charles Parisot and Geert Claeys},
  title =	 {DICOM: An Introduction to the Standard},
  institution =	 {Department of Radiology, Hospital of the University
                  of Pennsylvania},
  year =	 1994
}

@Book{horowitz94,
  author =	 {Alfred L. Horowitz},
  title =	 {MRI Physics for Radiologists: A Visual Approach},
  publisher =	 {Springer Verlag},
  year =	 1994
}

@InProceedings{hubbold93,
  author =	 {R.J. Hubbold and A.D. Murta and A.J. West and
                  T.L.J. Howard},
  title =	 {Design Issues for Virtual Reality Systems},
  booktitle =	 {Proceedings First Eurographics Workshop on Virtual
                  Environments},
  year =	 1993,
  address =	 {Barcelona, Spain},
  month =	 {September}
}

@Misc{icbm00,
  author =       {ICBM Consortium},
  title =	 {International Consortium for Brain Mapping},
  howpublished = {Internet},
  month =	 {January},
  year =	 2000,
  URL =          {http://nessus.loni.ucla.edu/icbm/index.html}
}

@Article{iosifescu97,
  author =	 {Dan V. Iosifescu and Martha E. Shenton and Simon
                  K. Warfield and Ron Kikinis and Joachim Dengler and
                  Ferenc A. Jolesz and Robert W. McCarley},
  title =	 {An Automated Registration Algorithm for Measuring
                  MRI Subcortical Brain Structures},
  journal =	 {Neuroimage},
  year =	 1997,
  volume =	 6,
  pages =	 {13--25}
}

@PhdThesis{ivanova96,
  author =	 {Petia Radeva Ivanova},
  title =	 {Model-Based Deformable Shapes for Segmentation,
                  Registration and Tracking},
  school =	 {Department d'Informatica, Facultat de Ciencies,
                  Universitat Autonoma de Barcelona},
  year =	 1996,
  month =	 {July}
}

@Article{jianming99,
  author =	 {Jianming Liang, Tim McInerney and Demetri
                  Terzopoulos},
  title =	 {United Snakes},
  journal =	 {IEEE PAMI},
  year =	 1999,
  pages =	 {933--940},
  month =	 {September}
}

@Article{kamber95,
  author =	 {Micheline Kamber and Rajjan Shinghal and D. Louis
                  Collins and Gordon S. Francis and Alan C. Evans},
  title =	 {Model-Based 3D Segmentation of Multiple Sclerosis
                  Lesions in Magnetic Resonance Brain Images},
  journal =	 {IEEE Transactions on Medical Imaging},
  year =	 1995,
  volume =	 14,
  number =	 3
}

@Article{klein97,
  author =	 {Andreas K. Klein and Forester Lee and Amir A. Amini},
  title =	 {Quantitative Coronary Angiography with Deformable
                  Spline Models},
  journal =	 {IEEE Transactions on Medical Imaging},
  year =	 1997,
  volume =	 16,
  number =	 5,
  pages =	 {468--482},
  month =	 {October}
}

@PhdThesis{koller95,
  author =	 {Thomas Markus Koller},
  title =	 {From Data to Information: Segmentation, Description
                  and Analysis of the Cerebral Vascularity},
  school =	 {Swiss Federal Institute of Technology Zurich},
  year =	 1995
}

@Book{kreyzig93,
  author =	 {Erwin Kreyzig},
  title = 	 {Advanced Engineering Mathematics},
  publisher = 	 {John Wiley and Sons},
  year = 	 1993
}

@MastersThesis{lundstrom97,
  author =	 {Claes Lundstrom},
  title =	 {Segmentation of Medical Image Volumes},
  school =	 {Linkoping University},
  year =	 1997,
  month =	 {November}
}

@Article{malladi95,
  author =	 {Ravikanth Malladi and James A. Sethian and Baba C
                  Vemuri},
  title =	 {Shape Modeling with Front Propagation: A Level Set
                  Approach},
  journal =	 {IEEE Trans. Pattern Analysis and Machine
                  Intelligence},
  year =	 1995,
  volume =	 17,
  number =	 2,
  pages =	 {158--175}
}

@InProceedings{mcinerney95,
  author =	 {Tim McInerney and Demetri Terzopoulos},
  title =	 {Topologically Adaptable Snakes},
  booktitle =	 {Fifth International Conference on Computer Vision},
  pages =	 {840--845},
  year =	 1995,
  address =	 {Cambridge, MA, USA},
  month =	 {June}
}

@Article{mcinerney96,
  author =	 {Tim McInerney and Demetri Terzopoulos},
  title =	 {Deformable models in medical image analysis: a
                  survey},
  journal =	 {Medical Image Analysis},
  year =	 1996,
  volume =	 1,
  number =	 2,
  pages =	 {91--108}
}

@InProceedings{mcinerney97,
  author =	 {Tim McInerney and Demetri Terzopoulos},
  title =	 {Medical Image Segmentation Using Topologically
                  Adaptable Surfaces},
  booktitle =	 {Proc. CVRMED '97},
  year =	 1997,
  address =	 {Grenoble, France},
  month =	 {March}
}



@TechReport{mcinerney99,
  author =	 {Tim McInerney and Demetri Terzopoulos},
  title =	 {T-Snakes: Topology Adaptive Snakes},
  institution =	 {Depertment of Computer Science, University of
                  Toronto, Toronto, Canada},
  year =	 1999,
  month =	 {August}
}

@InProceedings{mogensen99,
  author =	 {Ioana D. O. Mogensen and Mads Nielsen},
  title =	 {Tube Snake models for 3D reconstruction of thin
                  elongated structures from their contour projections},
  booktitle =	 {The 11th Scandinavian Conference on Image Analysis},
  pages =	 {857--864},
  year =	 1999
}

@TechReport{nakajima97,
  author =	 {Shin Nakajima and Hideki Atsumi and Abhir
                  H. Bhalerao and Ferenc A. Jolesz and Ron Kikinis and
                  Toshiki Toshimine and Thomas M. Moriarty and Philip
                  E. Stieg},
  title =	 {Computer-assisted Surgical Planning for
                  Cerebrovascular Neurosurgery},
  institution =	 {Department of Radiologi, Harvard Medical School},
  year =	 1997,
  address =	 {Boston, Massachusetts}
}

@Article{pellot92,
  author =	 {C. Pellot and A. Herment and M. Sigelle and
                  P. Horain},
  title =	 {Segmentation, modelling and reconstruction of
                  arterial bifurcations in digital angiography},
  journal =	 {Medical and Biological Engineering and Computing},
  year =	 1992,
  pages =	 {576--583},
  month =	 {November}
}

@MastersThesis{ravnholt98,
  author =	 {Claus Ravnholt and Jan Ellesgaard},
  title =	 {3D Modeling of the Introcranial Vascular System
                  based on Multiscale Line Detection},
  school =	 {Laboratory of Image Analysis, Aalborg University},
  year =	 1998,
  month =	 {June}
}

@TechReport{riis98,
  author =	 {Lasse Riis Østergaard},
  title =	 {Arterial System of the Brain},
  institution =	 {Aalborg University},
  year =	 1998
}

@Article{sequeira93,
  author =	 {Jean Sequeira and Ren\'{e} Ebel and Francis Schmitt},
  title =	 {Three-Dimensional Modeling of Tree-Like Anatomical
                  Structures},
  journal =	 {Computerized Medical Imaging and Graphics},
  year =	 1993,
  volume =	 17,
  number =	 4,
  pages =	 {333--337}
}

@TechReport{snell99,
  author =	 {J. W. Snell and T. R. Jackson and W. T. Katz and
                  K. Hinckley and J. C. Goble and N. F. Kassell},
  title =	 {A Three-Dimensional Stereotactic Neurosurgical
                  Planner/Simulator},
  institution =	 {Department of Neurological Surgery, University of
                  Virginia},
  year =	 1999,
  address =	 {Charlottesville, VA 22908, U.S.A.}
}

@Article{sonka96,
  author =	 {Milan Sonka and Satish K. Tadikonda and Steve
                  M. Collins},
  title =	 {Knowledge-Based Interpretation of MR Brain Images},
  journal =	 {IEEE Transactions on Medical Imaging},
  year =	 1996,
  volume =	 15,
  number =	 4,
  pages =	 {443--452}
}

@Misc{vbp99,
  title =	 {Virtual Brain Project},
  author =	 {VBP},
  howpublished = {Internet},
  month =	 {November},
  year =	 1999,
  URL =		 {http://www.virtualbrain.v-chi.dk/}
}

@Booklet{vchi3,
  title =	 {Netværket},
  author =	 {V-Chi},
  address =	 {V-Chi, Aalborg University},
  month =	 {April},
  year =	 1998,
  note =	 {Newsletter No.~3}
}

@Booklet{vchi7,
  title =	 {Netværket},
  author =	 {V-Chi},
  address =	 {V-Chi, Aalborg University},
  month =	 {October},
  year =	 1999,
  note =	 {Newsletter No.~7}
}

@Book{watt98,
  author =	 {Alan Watt and Fabio Policarpo},
  title =	 {The Computer Image},
  publisher =	 {Addison-Wesley},
  year =	 1998
}

@TechReport{wilhelms94,
  author =	 {Jane Wilhelms and Judy Challinger and Naim Alper and
                  Shankar Ramamoorthy and Arsi Vaziri},
  title =	 {Direct Volume Rendering of Curvilinear Volumes},
  institution =	 {University of California, NAS/NASA-Ames Research
                  Center},
  year =	 1994
}

@InProceedings{xu97a,
  author =	 {Chenyang Xu and Jerry L. Prince},
  title =	 {Gradient Vector Flow: A New External Force for
                  Snakes},
  booktitle =	 {IEEE Proc. Conf. on Comp. Vis. Patt. Recog.},
  pages =	 {66-71},
  year =	 1997
}

@TechReport{xu97b,
  author =	 {Chenyang Xu and Jerry L. Prince},
  title =	 {Snakes, Shapes and Gradient Vector Flow},
  institution =	 {Image Analysis and Communications Laboratory, The
                  Johns Hopkins University},
  year =	 1997,
  address =	 {Baltimore, MD, USA},
  month =	 {April}
}

%% Autconf og Automake

@Booklet{taylor98,
  title = 	 {The GNU Configure and Build System},
  author =	 {Ian Lance Taylor},
  howpublished = {Cygnus Solutions},
  year =	 1998
}

@Booklet{gkioulekas99,
  title = 	 {Developing Software with GNU},
  author =	 {Eleftherios Gkioulekas},
  howpublished = {University of Washington},
  year =	 1999,
  URL=           {http://www.amath.washington.edu/~lf/tutorials/autoconf/}
}

@Booklet{mackenzie99,
  title = 	 {GNU Automake},
  author =	 {David MacKenzie and Tom Tromey},
  howpublished = {Free Software Foundation},
  month =	 {January},
  year =	 1999
}

@Booklet{mackenzie98,
  title = 	 {GNU Autoconf},
  author =	 {David MacKenzie and Ben Elliston},
  howpublished = {Free Software Foundation},
  month =	 {December},
  year =	 1998
}

